<?xml version="1.0" encoding="UTF-8"?><collection xmlns="http://www.loc.gov/MARC21/slim"><record><leader>00343nam--2200133-i-4500</leader><controlfield tag="001">000008932</controlfield><controlfield tag="002">20161230</controlfield><controlfield tag="005">20161230201028</controlfield><controlfield tag="008">060222s1000------------r-----000-0-eng-d</controlfield><datafield ind1=" " ind2=" " tag="080"><subfield code="a">621.039.8:621.59</subfield></datafield><datafield ind1=" " ind2=" " tag="100"><subfield code="a">Conte, Rolland Rene</subfield></datafield><datafield ind1=" " ind2=" " tag="245"><subfield code="a">Les irradiations aux basses temperatures</subfield></datafield><datafield ind1=" " ind2=" " tag="260"><subfield code="a">Saclay, 1969 38p. Part.L</subfield></datafield><datafield ind1=" " ind2=" " tag="490"><subfield code="a">Cea-r-3910</subfield></datafield></record></collection>